<record><leader>00000cas a22000007a 4500</leader><controlfield tag="001">15803065</controlfield><controlfield tag="008">870603d19111922inudn ne      0    0eng d</controlfield><datafield ind1=" " ind2=" " tag="010"><subfield code="a">sn 87056256 </subfield></datafield><datafield ind1=" " ind2=" " tag="040"><subfield code="a">NPI</subfield><subfield code="b">eng</subfield><subfield code="c">NPI</subfield><subfield code="d">OCLCQ</subfield></datafield><datafield ind1=" " ind2=" " tag="042"><subfield code="a">msc</subfield></datafield><datafield ind1="0" ind2="4" tag="245"><subfield code="a">The Plymouth daily Republican.</subfield></datafield><datafield ind1=" " ind2=" " tag="260"><subfield code="a">Plymouth, Ind. :</subfield><subfield code="b">S.E. Boys,</subfield><subfield code="c">1911-1922.</subfield></datafield><datafield ind1=" " ind2=" " tag="310"><subfield code="a">Daily (except Sun.)</subfield></datafield><datafield ind1="0" ind2=" " tag="362"><subfield code="a">Vol. 15, no. 6 (Jan. 9, 1911)-v. 26, no. 174 (July 26, 1922).</subfield></datafield><datafield ind1=" " ind2=" " tag="580"><subfield code="a">Also published in a weekly ed. called: The Weekly Republican.</subfield></datafield><datafield ind1=" " ind2=" " tag="752"><subfield code="a">United States</subfield><subfield code="b">Indiana</subfield><subfield code="c">Marshall</subfield><subfield code="d">Plymouth.</subfield></datafield><datafield ind1="1" ind2=" " tag="775"><subfield code="t">Weekly Republican (Plymouth, Ind.)</subfield><subfield code="w">(DLC)sn 87056245</subfield></datafield><datafield ind1="0" ind2="4" tag="780"><subfield code="t">Plymouth daily chronicle</subfield><subfield code="w">(DLC)sn 87056255</subfield></datafield><datafield ind1="0" ind2="4" tag="780"><subfield code="t">Plymouth daily tribune</subfield></datafield><datafield ind1="0" ind2="0" tag="785"><subfield code="t">Plymouth daily pilot</subfield><subfield code="w">(DLC)sn 86058015</subfield></datafield></record>